@misc{ashjaeiLectureDeviceDrivers2023,
  title = {Lecture 4: {{Device Drivers}}, {{Interrupts}} and {{OS Basics}}},
  author = {Ashjaei, Mohammad},
  year = {2023},
  month = sep,
  address = {{V\"aster\aa s}},
  langid = {english}
}

@misc{ashjaeiLectureESHardware2023,
  title = {Lecture 3: {{ES Hardware}}},
  author = {Ashjaei, Mohammad},
  year = {2023},
  month = sep,
  address = {{V\"aster\aa s}},
  langid = {english}
}

@misc{ashjaeiLectureProgramingES2023,
  title = {Lecture 2 {{Programing ES The}} Blinking {{LED}} Program},
  author = {Ashjaei, Mohammad},
  year = {2023},
  month = aug,
  address = {{V\"aster\aa s}},
  langid = {english}
}

@misc{mubeenCourseIntroLecture2023,
  title = {Course {{Intro}} + {{Lecture}} 1: {{Intro}} to {{ES}}},
  author = {Mubeen, Saad},
  year = {2023},
  month = aug,
  address = {{V\"aster\aa s}},
  langid = {english}
}

@misc{mubeenLectureDesignTest2023,
  title = {Lecture 5: {{Design}}, {{Test}} and {{Debug ES}}},
  author = {Mubeen, Saad},
  year = {2023},
  month = sep,
  address = {{V\"aster\aa s}},
  langid = {english}
}

@misc{mubeenLectureRTOS2023,
  title = {Lecture 6: {{RTOS I}}},
  author = {Mubeen, Saad},
  year = {2023},
  month = sep,
  address = {{V\"aster\aa s}},
  langid = {english}
}

@misc{mubeenLectureRTOSII2023,
  title = {Lecture 7: {{RTOS II}}},
  author = {Mubeen, Saad},
  year = {2023},
  month = sep,
  address = {{V\"aster\aa s}},
  langid = {english}
}

@misc{mubeenLectureRTOSIII2023,
  title = {Lecture 8: {{RTOS III}}},
  author = {Mubeen, Saad},
  year = {2023},
  month = oct,
  address = {{V\"aster\aa s}},
  langid = {english}
}

@misc{paulenoiuLectureSoftwareTesting2023,
  title = {Lecture 9: {{Software Testing}}},
  author = {Paul Enoiu, Eduard},
  year = {2023},
  month = oct,
  address = {{V\"aster\aa s}},
  langid = {english}
}

@misc{sjodinLecture10Execution2023,
  title = {Lecture 10: {{Execution}}, {{Resource Usage}} and {{Optimization}}},
  author = {Sj{\"o}din, Mikael},
  year = {2023},
  month = oct,
  address = {{V\"aster\aa s}},
  langid = {english}
}
